<?xml version="1.0" encoding="UTF-8"?><record xmlns="http://www.loc.gov/MARC21/slim" xmlns:cinclude="http://apache.org/cocoon/include/1.0" xmlns:zs="http://www.loc.gov/zing/srw/">
  <leader>00842cz  a2200217n  4500</leader>
  <controlfield tag="001">n  97864824 </controlfield>
  <controlfield tag="003">DLC</controlfield>
  <controlfield tag="005">20090205081755.0</controlfield>
  <controlfield tag="008">971105n| acannaabn           a aad     c</controlfield>
  <datafield tag="010" ind1=" " ind2=" ">
    <subfield code="a">n  97864824 </subfield>
  </datafield>
  <datafield tag="035" ind1=" " ind2=" ">
    <subfield code="a">(OCoLC)oca04513308</subfield>
  </datafield>
  <datafield tag="040" ind1=" " ind2=" ">
    <subfield code="a">NN-PD</subfield>
    <subfield code="b">eng</subfield>
    <subfield code="c">NN-PD</subfield>
    <subfield code="d">OCoLC</subfield>
    <subfield code="d">IEN</subfield>
  </datafield>
  <datafield tag="100" ind1="1" ind2=" ">
    <subfield code="a">Decastro, J.</subfield>
    <subfield code="q">(Jacob),</subfield>
    <subfield code="d">1758-1824</subfield>
  </datafield>
  <datafield tag="400" ind1="1" ind2=" ">
    <subfield code="a">Decastro, Jacob,</subfield>
    <subfield code="d">1758-1824</subfield>
  </datafield>
  <datafield tag="400" ind1="1" ind2=" ">
    <subfield code="a">Castro, J. de</subfield>
    <subfield code="q">(Jacob),</subfield>
    <subfield code="d">1758-1824</subfield>
  </datafield>
  <datafield tag="400" ind1="1" ind2=" ">
    <subfield code="a">De Castro, Jacob,</subfield>
    <subfield code="d">1758-1824</subfield>
  </datafield>
  <datafield tag="400" ind1="1" ind2=" ">
    <subfield code="a">De Castro, J.</subfield>
    <subfield code="q">(Jacob),</subfield>
    <subfield code="d">1758-1824</subfield>
  </datafield>
  <datafield tag="400" ind1="1" ind2=" ">
    <subfield code="a">Castro, Jacob de,</subfield>
    <subfield code="d">1758-1824</subfield>
  </datafield>
  <datafield tag="667" ind1=" " ind2=" ">
    <subfield code="a">Data contributed by the Dance Heritage Coalition for the New York Public Library Dance Collection.</subfield>
  </datafield>
  <datafield tag="670" ind1=" " ind2=" ">
    <subfield code="a">RLIN database, 4/26/94 (hdg.: De Castro, Jacob, b. 1758; De Castro, Jacob, 1758-1824; usage: J. Decastro)</subfield>
  </datafield>
  <datafield tag="670" ind1=" " ind2=" ">
    <subfield code="a">The memoirs of J. Decastro, comedian, 1824.</subfield>
  </datafield>
</record>